@inproceedings{Tango,
 author = {Balakrishnan, Mahesh and Malkhi, Dahlia and Wobber, Ted and Wu, Ming and Prabhakaran, Vijayan and Wei, Michael and Davis, John D. and Rao, Sriram and Zou, Tao and Zuck, Aviad},
 title = {Tango: Distributed Data Structures over a Shared Log},
 booktitle = {Proceedings of the Twenty-Fourth ACM Symposium on Operating Systems Principles},
 series = {SOSP '13},
 year = {2013},
 isbn = {978-1-4503-2388-8},
 location = {Farminton, Pennsylvania},
 pages = {325--340},
 numpages = {16},
 url = {http://doi.acm.org/10.1145/2517349.2522732},
 doi = {10.1145/2517349.2522732},
 acmid = {2522732},
 publisher = {ACM},
 address = {New York, NY, USA},
} 

@inproceedings{Maple,
 author = {Voellmy, Andreas and Wang, Junchang and Yang, Y Richard and Ford, Bryan and Hudak, Paul},
 title = {Maple: Simplifying SDN Programming Using Algorithmic Policies},
 booktitle = {Proceedings of the ACM SIGCOMM 2013 Conference on SIGCOMM},
 series = {SIGCOMM '13},
 year = {2013},
 isbn = {978-1-4503-2056-6},
 location = {Hong Kong, China},
 pages = {87--98},
 numpages = {12},
 url = {http://doi.acm.org/10.1145/2486001.2486030},
 doi = {10.1145/2486001.2486030},
 acmid = {2486030},
 publisher = {ACM},
 address = {New York, NY, USA},
 keywords = {algorithmic policies, openflow, software-defined networking},
} 

@inproceedings{SLA,
 author = {Terry, Douglas B. and Prabhakaran, Vijayan and Kotla, Ramakrishna and Balakrishnan, Mahesh and Aguilera, Marcos K. and Abu-Libdeh, Hussam},
 title = {Consistency-based Service Level Agreements for Cloud Storage},
 booktitle = {Proceedings of the Twenty-Fourth ACM Symposium on Operating Systems Principles},
 series = {SOSP '13},
 year = {2013},
 isbn = {978-1-4503-2388-8},
 location = {Farminton, Pennsylvania},
 pages = {309--324},
 numpages = {16},
 url = {http://doi.acm.org/10.1145/2517349.2522731},
 doi = {10.1145/2517349.2522731},
 acmid = {2522731},
 publisher = {ACM},
 address = {New York, NY, USA},
 keywords = {cloud computing, consistency, replication, service level agreement, storage},
} 

@article{Log,
 author = {Rosenblum, Mendel and Ousterhout, John K.},
 title = {The Design and Implementation of a Log-structured File System},
 journal = {ACM Trans. Comput. Syst.},
 issue_date = {Feb. 1992},
 volume = {10},
 number = {1},
 month = feb,
 year = {1992},
 issn = {0734-2071},
 pages = {26--52},
 numpages = {27},
 url = {http://doi.acm.org/10.1145/146941.146943},
 doi = {10.1145/146941.146943},
 acmid = {146943},
 publisher = {ACM},
 address = {New York, NY, USA},
 keywords = {Unix, disk storage management, fast crash recovery, file system organization, file system performance, high write performance, log-structured, logging},
} 

@INPROCEEDINGS{ODL,
author={Medved, J. and Tkacik, A. and Varga, R. and Gray, K.},
booktitle={World of Wireless, Mobile and Multimedia Networks (WoWMoM), 2014 IEEE 15th International Symposium on a},
title={OpenDaylight: Towards a Model-Driven SDN Controller architecture},
year={2014},
pages={1-6},
keywords={software architecture;MDSE principles;NETCONF/YANG;OpenDaylight project hydrogen release;OpenFlow-based approach;model-driven SDN controller architecture;model-driven network management;model-driven software engineering;programmability technologies;software defined networking;Adaptation models;Computer architecture;Data models;Java;Network topology;Protocols;Unified modeling language;I2RS;Model-Driven Software Engineering (MDSE);NETCONF;Object Modeling Group (OMG);OpenDaylight;OpenFlow;SDN;YANG;code-generation;late binding;policy},
doi={10.1109/WoWMoM.2014.6918985},
month={June},}

@ARTICLE{SDN,
author={Jain, R. and Paul, S.},
journal={Communications Magazine, IEEE},
title={Network virtualization and software defined networking for cloud computing: a survey},
year={2013},
volume={51},
number={11},
pages={24-31},
keywords={cloud computing;software radio;virtualisation;OpenADN;SDN applicability;application delivery;cloud computing;multicloud environment;network programmability;network virtualization;networking technologies;software defined networking;Cloud computing;Ports (Computers);Protocols;Standards;Virtualization},
doi={10.1109/MCOM.2013.6658648},
ISSN={0163-6804},
month={November},}

@inproceedings{berde2014onos,
  title={ONOS: towards an open, distributed SDN OS},
  author={Berde, Pankaj and Gerola, Matteo and Hart, Jonathan and Higuchi, Yuta and Kobayashi, Masayoshi and Koide, Toshio and Lantz, Bob and O'Connor, Brian and Radoslavov, Pavlin and Snow, William and others},
  booktitle={Proceedings of the third workshop on Hot topics in software defined networking},
  pages={1--6},
  year={2014},
  organization={ACM}
}

@article{jain2013network,
  title={Network virtualization and software defined networking for cloud computing: a survey},
  author={Jain, Raj and Paul, Sudipta},
  journal={Communications Magazine, IEEE},
  volume={51},
  number={11},
  pages={24--31},
  year={2013},
  publisher={IEEE}
}

@article{mckeown2008openflow,
  title={OpenFlow: enabling innovation in campus networks},
  author={McKeown, Nick and Anderson, Tom and Balakrishnan, Hari and Parulkar, Guru and Peterson, Larry and Rexford, Jennifer and Shenker, Scott and Turner, Jonathan},
  journal={ACM SIGCOMM Computer Communication Review},
  volume={38},
  number={2},
  pages={69--74},
  year={2008},
  publisher={ACM}
}
@article{enns2011netconf,
  title={NETCONF configuration protocol},
  author={Enns, Rob and Bjorklund, Martin and Schoenwaelder, Juergen},
  journal={Network},
  year={2011}
}

@article{yang,
  title={YANG - A Data Modeling Language for the Network Configuration Protocol (NETCONF)},
  author={M. Bjorklund, Ed.},
  journal={Internet Engineering Task Force (IETF)},
  year={2010}
}

@article{ONV:wiki,
    title={OpenDaylight Network Virtualization (ONV)},
    year={2013},
    url={https://wiki.opendaylight.org/view/OpenDaylight_Network_Virtualization_28ONV29:Main}
}

@article{bgp:rfc,
    url={https://tools.ietf.org/html/draft-lapukhov-bgp-sdn-00},
    author={P. Lapukhov},
    title={Centralized Routing Control in BGP Networks Using Link-State Abstraction},
    year={2013}
}

@inproceedings{bailis2012potential,
  title={The potential dangers of causal consistency and an explicit solution},
  author={Bailis, Peter and Fekete, Alan and Ghodsi, Ali and Hellerstein, Joseph M and Stoica, Ion},
  booktitle={Proceedings of the Third ACM Symposium on Cloud Computing},
  pages={22},
  year={2012},
  organization={ACM}
}

@inproceedings{brewer2000towards,
  title={Towards robust distributed systems},
  author={Brewer, Eric A},
  booktitle={PODC},
  volume={7},
  year={2000}
}

@inproceedings{hunt2010zookeeper,
    title={ZooKeeper: Wait-free Coordination for Internet-scale Systems.},
    author={Hunt, Patrick and Konar, Mahadev and Junqueira, Flavio Paiva and Reed, Benjamin},
    booktitle={USENIX Annual Technical Conference},
    volume={8},
    pages={9},
    year={2010}
}
@inproceedings{koponen2010onix,
  title={Onix: A Distributed Control Platform for Large-scale Production Networks.},
  author={Koponen, Teemu and Casado, Martin and Gude, Natasha and Stribling, Jeremy and Poutievski, Leon and Zhu, Min and Ramanathan, Rajiv and Iwata, Yuichiro and Inoue, Hiroaki and Hama, Takayuki and others},
  booktitle={OSDI},
  volume={10},
  pages={1--6},
  year={2010}
}
@article{feamster2014road,
  title={The road to SDN: an intellectual history of programmable networks},
  author={Feamster, Nick and Rexford, Jennifer and Zegura, Ellen},
  journal={ACM SIGCOMM Computer Communication Review},
  volume={44},
  number={2},
  pages={87--98},
  year={2014},
  publisher={ACM}
}
@article{network2015topologies,
    title={A Data Model for Network Topologies},
    author={A. Clemm, J. Medved, R. Varga, T. Tkacik, N. Bahadur, H. Ananthakrishnan},
    url={www.ietf.org/id/draft-ietf-i2rs-yang-network-topo-02.txt}
}
@inproceedings{decandia2007dynamo,
  title={Dynamo: amazon's highly available key-value store},
  author={DeCandia, Giuseppe and Hastorun, Deniz and Jampani, Madan and Kakulapati, Gunavardhan and Lakshman, Avinash and Pilchin, Alex and Sivasubramanian, Swaminathan and Vosshall, Peter and Vogels, Werner},
  booktitle={ACM SIGOPS Operating Systems Review},
  volume={41},
  number={6},
  pages={205--220},
  year={2007},
  organization={ACM}
}
