@inproceedings{Tango,
 author = {Balakrishnan, Mahesh and Malkhi, Dahlia and Wobber, Ted and Wu, Ming and Prabhakaran, Vijayan and Wei, Michael and Davis, John D. and Rao, Sriram and Zou, Tao and Zuck, Aviad},
 title = {Tango: Distributed Data Structures over a Shared Log},
 booktitle = {Proceedings of the Twenty-Fourth ACM Symposium on Operating Systems Principles},
 series = {SOSP '13},
 year = {2013},
 isbn = {978-1-4503-2388-8},
 location = {Farminton, Pennsylvania},
 pages = {325--340},
 numpages = {16},
 url = {http://doi.acm.org/10.1145/2517349.2522732},
 doi = {10.1145/2517349.2522732},
 acmid = {2522732},
 publisher = {ACM},
 address = {New York, NY, USA},
} 

@inproceedings{Maple,
 author = {Voellmy, Andreas and Wang, Junchang and Yang, Y Richard and Ford, Bryan and Hudak, Paul},
 title = {Maple: Simplifying SDN Programming Using Algorithmic Policies},
 booktitle = {Proceedings of the ACM SIGCOMM 2013 Conference on SIGCOMM},
 series = {SIGCOMM '13},
 year = {2013},
 isbn = {978-1-4503-2056-6},
 location = {Hong Kong, China},
 pages = {87--98},
 numpages = {12},
 url = {http://doi.acm.org/10.1145/2486001.2486030},
 doi = {10.1145/2486001.2486030},
 acmid = {2486030},
 publisher = {ACM},
 address = {New York, NY, USA},
 keywords = {algorithmic policies, openflow, software-defined networking},
} 

@inproceedings{SLA,
 author = {Terry, Douglas B. and Prabhakaran, Vijayan and Kotla, Ramakrishna and Balakrishnan, Mahesh and Aguilera, Marcos K. and Abu-Libdeh, Hussam},
 title = {Consistency-based Service Level Agreements for Cloud Storage},
 booktitle = {Proceedings of the Twenty-Fourth ACM Symposium on Operating Systems Principles},
 series = {SOSP '13},
 year = {2013},
 isbn = {978-1-4503-2388-8},
 location = {Farminton, Pennsylvania},
 pages = {309--324},
 numpages = {16},
 url = {http://doi.acm.org/10.1145/2517349.2522731},
 doi = {10.1145/2517349.2522731},
 acmid = {2522731},
 publisher = {ACM},
 address = {New York, NY, USA},
 keywords = {cloud computing, consistency, replication, service level agreement, storage},
} 

@article{Log,
 author = {Rosenblum, Mendel and Ousterhout, John K.},
 title = {The Design and Implementation of a Log-structured File System},
 journal = {ACM Trans. Comput. Syst.},
 issue_date = {Feb. 1992},
 volume = {10},
 number = {1},
 month = feb,
 year = {1992},
 issn = {0734-2071},
 pages = {26--52},
 numpages = {27},
 url = {http://doi.acm.org/10.1145/146941.146943},
 doi = {10.1145/146941.146943},
 acmid = {146943},
 publisher = {ACM},
 address = {New York, NY, USA},
 keywords = {Unix, disk storage management, fast crash recovery, file system organization, file system performance, high write performance, log-structured, logging},
} 
